@inproceedings{su2019for,
  title={For convenient compile.},
  author={Jinming Su},
  booktitle={Nothing},
  year={2019}
}
