@article{hangli2012,
  title={Statistical Learning Method},
  author={Hang Li},
  journal={Tsinghua University Press},
  year={2012}
}
